@internetarticle{Karrer2007,
	author = {Tony Karrer},
	title = {Understanding E-Learning 2.0},
	year = {2007},
	lastchecked ={28/01/2008},
	url = {http://www.learningcircuits.org/2007/0707karrer.html}	
}

@etchreport{Diaz2007,
	author = {Gabriela Díaz-Antón and Ascánder Suárez and Elías Tahhan and Dafne González},
	title = {Estándares y especificaciones: estudio preliminar sobre su adopción en el desarrollo de cursos en línea en la USB},
	year = {2007},
	lastchecked = {09/04/2008},
	url = {http://spdece07.ehu.es/actas/Diaz-Anton.pdf}
}

@internetarticle{Web2Wikipedia,
	title = {Web 2.0},
	author = {{\bibcorporate{Wikipedia}}},
	lastchecked = {22/08/2007},
	url = {http://es.wikipedia.org/wiki/Web 2.0}
}

@internetarticle{Web_OReilly20051,
	author ={Tim O'Reilly},
	title = {Not2.0?},
	year ={2005},
	lastchecked = {22/08/2007},
	url ={http://www.maestrosdelweb.com/editorial/web2/}
}

@book{Constructivismo_Ormrod2003,
	title = {Educational Psychology: Developing Learners},
	author = {Jeanne Ellis Ormrod},
	address = {Columbus, Ohio},
	year = {2003}
}

@book {Cognitivismo_Ferreiro1996,
	title = {Paradigmas Psicopedagógicos},
	author ={Ramón Ferreiro Gravié},
	year = {1996},
	publisher = {ITSON},
	address ={Sonora, Mexico}
}

@internetarticle{Conductismo_Manosalva1996,
	title = {Educación: comunicación, psicología e integración},
	author = {Sergio Manosalva},
	address = {Santiago, Chile},
	lastchecked = {14/12/2007},
	year = {1996},
	url = {http://www.resiliencia.cl/investig/educompsiint.pdf}
}

@internetarticle{Conectivismo_Siemens2004,
	title = {Connectivism: A Learning Theory for the Digital Age},
	author = {George Siemens},
	year = {2004},
	lastchecked = {14/12/2007},
	url = {http://www.elearnspace.org/Articles/connectivism.htm}
}

@internetarticle{Conectivismo_Siemens2005,
	title = {The Network is the Learning},
	author = {George Siemens},
	year = {2005},
	lastchecked = {16/12/2007},
	url = {http://connectivism.ca/blog/2005/03/the_network_is_the_learning.html}
}

@internetarticle{Accesibilidad_DU1997,
	title = {Los principios del Diseño Universal},
	author = {\bibcorporate{The Center for Universal Design}},
	year = {1997},
	lastchecked = {16/12/2007},
	url = {http://www.design.ncsu.edu/cud/pubs_p/docs/poster.pdf}
}

@internetarticle{Accesibilidad_IntroW3C2005,
	title = {¿Qué es la Accesibilidad Web?},
	author = {W3C},
	year = {2005},
	lastchecked = {16/12/2007},
	url = {http://www.w3c.es/Traducciones/es/WAI/intro/accessibility/}
}

@internetarticle{Accesibilidad_DefW3C2008,
	title = {¿Qué es el Consorcio World Wide Web (W3C)?},
	author = {Ian Jacobs},
	year = {2007},
	lastchecked = {04/01/2008},
	url = {http://www.w3c.es/Consorcio/}
}

@internetarticle{Web_OReilly20052,
	title = {What Is Web 2.0: Design Patterns and Business Models for the Next. Generation of Software},
	author = {Tim O'Reilly},
	year = {2005},
	lastchecked = {11/12/2007},
	url = {http://www.oreillynet.com/pub/a/oreilly/tim/news/2005/09/30/what-is-web-20.html}
}

@internetarticle{LearningOb_Beck2007,
	title = {Learning Objects},
	author = {Robert Beck},
	year = {2007},
	lastchecked = {12/12/2007},
	url = {http://www.uwm.edu/Dept/CIE/AOP/LO_what.html}
}

%METODOLOGÍA DE DESARROLLO%

@internetarticle{Metodologia_XP_when2006,
	title = {Extreme Programming: A gentle introduction - When should Extreme Programming be Used?},
	author = {Don Wells},
	year = {1998},
	lastchecked = {25/01/2008},
	url = {http://www.extremeprogramming.org/when.html}
}

@internetarticle{Metodologia_XP_whatis2006,
	title = {Extreme Programming: A gentle introduction - What is Extreme Programming?},
	author = {Don Wells},
	year = {1999},
	lastchecked = {25/01/2008},
	url = {http://www.extremeprogramming.org/what.html}
}

@internetarticle{Metodologia_XP_flujograma2006,
	title = {Extreme Programming: A gentle introduction - XP flow Chart},
	author = {Don Wells},
	year = {1999},
	lastchecked = {25/01/2008},
	url = {http://www.extremeprogramming.org/map/project.html}
}

@internetarticle{Metodologia_XP_grafico_flujograma_2006,
	title = {Extreme Programming: A gentle introduction - XP flow Chart},
	author = {Don Wells},
	year = {1999},
	lastchecked = {16/06/2008},
	url = {http://www.extremeprogramming.org/map/project.html}
}


@internetarticle{Metodologia_XP_historias2006,
	title = {Extreme Programming: A gentle introduction - User Stories},
	author = {Don Wells},
	year = {1999},
	lastchecked = {24/01/2008},
	url = {http://www.extremeprogramming.org/rules/userstories.html}
}

@internetarticle{Metodologia_XP_metafora2006,
	title = {Extreme Programming: A gentle introduction - Choose a System Metaphor},
	author = {Don Wells},
	year = {1999},
	lastchecked = {24/01/2008},
	url = {http://www.extremeprogramming.org/rules/metaphor.html}
}

@internetarticle{Metodologia_XP_entregas20061,
	title = {Extreme Programming: A gentle introduction - Release Planning 1},
	author = {Don Wells},
	year = {1999},
	lastchecked = {28/01/2008},
	url = {http://www.extremeprogramming.org/rules/planninggame.html}
}

@internetarticle{Metodologia_XP_entregas20062,
	title = {Extreme Programming: A gentle introduction - Release Planning 2},
	author = {Don Wells},
	year = {1999},
	lastchecked = {28/01/2008},
	url = {http://www.extremeprogramming.org/rules/planninggame2.html}
}

@internetarticle{Metodologia_XP_iterativo2006,
	title = {Extreme Programming: A gentle introduction - Iteration Planning},
	author = {Don Wells},
	year = {1999},
	lastchecked = {24/01/2008},
	url = {http://www.extremeprogramming.org/rules/iterationplanning.html}
}

@internetarticle{Metodologia_XP_grafico_it_2006,
	title = {Extreme Programming: A gentle introduction - Iteration Planning},
	author = {Don Wells},
	year = {1999},
	lastchecked = {16/06/2008},
	url = {http://www.extremeprogramming.org/map/iteration.html}
}

@internetarticle{Metodologia_XP_standup2006,
	title = {Extreme Programming: A gentle introduction - Daily Stand Up Meeting},
	author = {Don Wells},
	year = {1999},
	lastchecked = {30/01/2008},
	url = {http://www.extremeprogramming.org/rules/standupmeeting.html}
}

@internetarticle{Metodologia_XP_parejas2006,
	title = {Extreme Programming: A gentle introduction - Pair Programming},
	author = {Don Wells},
	year = {1999},
	lastchecked = {30/01/2008},
	url = {http://www.extremeprogramming.org/rules/pair.html}
}

@internetarticle{Metodologia_XP_rotacion2006,
	title = {Extreme Programming: A gentle introduction - Move People Around},
	author = {Don Wells},
	year = {1999},
	lastchecked = {30/01/2008},
	url = {http://www.extremeprogramming.org/rules/movepeople.html}
}

@internetarticle{Metodologia_XP_integracion2006,
	title = {Extreme Programming: A gentle introduction - Integrate Often},
	author = {Don Wells},
	year = {1999},
	lastchecked = {30/01/2008},
	url = {http://www.extremeprogramming.org/rules/integrateoften.html}
}

@internetarticle{Metodologia_XP_refactor2006,
	title = {Extreme Programming: A gentle introduction - Refactor Mercilessly},
	author = {Don Wells},
	year = {1999},
	lastchecked = {30/01/2008},
	url = {http://www.extremeprogramming.org/rules/refactor.html}
}

@internetarticle{Metodologia_XP_unittest2006,
	title = {Extreme Programming: A gentle introduction - Code the Unit Test First},
	author = {Don Wells},
	year = {1999},
	lastchecked = {30/01/2008},
	url = {http://www.extremeprogramming.org/rules/testfirst.html}
}

@internetarticle{Metodologia_XP_velocidad2006,
	title = {Extreme Programming: A gentle introduction. - Project Velocity},
	author = {Don Wells},
	year = {1999},
	lastchecked = {30/01/2008},
	url = {http://www.extremeprogramming.org/rules/velocity.html}
}

@internetarticle {Metodologia_XP_testaceptacion2006,
	title = {Extreme Programming: A gentle introduction. - Acceptance Tests},
	author = {Don Wells},
	year = {1999},
	lastchecked = {30/01/2008},
	url = {http://www.extremeprogramming.org/rules/functionaltests.html}
}

@internetarticle{AccesabilidadESC2007,
	title = {Documentos para el diseño accesible de contenidos en la Web},
	year = {1999},
	author = {C Egea and A Sarabia and A Chuter},
	lastchecked = {12/12/2007},
	url = {http://www.discapnet.es/web_accesible/wcag10/WAI-WEBCONTENT-19990505_es.html}
}

@internetarticle{Accesabilidad_JS2007,
	title = {Practical JavaScript, DOM Scripting, and Ajax Projects},
	author = {Frank W Zammetti},
	year = {2007},
	lastchecked = {06/06/2008},
	url = {http://books.google.com/books?hl=en&lr=&id=tkARdW-sRoAC&oi=fnd&pg=PR15&dq=unobtrusive+javascript&ots=Yr2JD_TyCE&sig=igpojwvgG544XmY7KF7QMtFFeLo#PPA35,M1}
}

@proceedings{Holmes2001,
	title = {Communal Constructivism: Students constructing learning for as well as with others},
	author = {Bryn Holmes and Brendan Tangney and Ann FitzGibbon and Tim Savage and Siobhan Mehan},
	publisher = {Trinity College},
	url = {https://www.cs.tcd.ie/publications/tech-reports/reports.01/TCD-CS-2001-04.pdf},
	address = {Dublin, Ireland}
}

@article{Carretero1997,
	title = {¿Qué es el constructivismo?},
	author = {Mario Carretero},
	year = {1997},
	lastchecked = {05/06/2008},
	url = {http://www.med.ucv.ve/Extcons/pdf/Que_es_constructismo%5B1%5D._Carretero.pdf}
}

@article{Glasersfeld1989,
	title = {Constructivism in Education},
	author = {E von Glasersfeld},
	year = {1989},
	lastchecked = {10/04/2008},
	journal = {The International Encyclopedia of Education},
	vol = {1},
	publisher = {Pergamon Press},
	address = {Oxford/New York},
	url = {http://www.univie.ac.at/constructivism/EvG/papers/113.pdf}
}

@techreport{Neff2002,
	title ={Permanently Beta: Responsive Organization in the Internet Era},
	author = {Gina Neff and David Stark},
	year = {2002},
	publisher = {Columbia University},
	address = {New York, New York},
	lastchecked = {10/04/2008},
	url = {http://pascal.case.unibz.it/retrieve/3210/neff-stark.pdf}
}

@techreport{Paulsen2002,
	title = {Online Education Systems: Discussion and Definition of Terms},
	author = {Morten Flate Paulsen},
	year = {2002},
	publisher = {NKI Distance Education}
}

@internetarticle{Hall2002,
	title = {Assessing Learning Management Systems},
	author = {John Hall},
	year = {2002},
	lastchecked = {11/04/2008},
	url = {http://www.clomedia.com/content/anmviewer.asp?a=91&print=yes},
	publisher = {MediaTec Publishing}
}

@internetarticle{Greenberg2002,
	title = {LMS and LCMS: What's the Difference?},
	author = {Leonard Greenberg},
	year = {2002},
	url = {http://www.learningcircuits.org/NR/exeres/72E3F68C-4047-4379-8454-2B88C9D38FC5.htm},
	lastchecked = {05/06/2008}
}

@internetarticle{EduTools,
	title = {EduTools Course Management System Comparisons},
	author = {{\bibcorporate{EduTools}}},
	year = {2008},
	url = {http://www.edutools.info/static.jsp?pj=4&page=HOME},
	lastchecked = {01/05/2008}

}

@internetarticle{MVC_Java2002,
	title = {Java BluePrints. Model-View-Controller},
	author = {\bibcorporate{Sun Microsystems}},
	year = {2002},
	url = {http://java.sun.com/blueprints/patterns/MVC-detailed.html},
	lastchecked = {13/05/2008}

}

@internetarticle{MVC_W2007,
	title = {Model-view-controller},
	author = {{\bibcorporate{Wikipedia}}},
	url = {http://en.wikipedia.org/wiki/Model-view-controller},
	lastchecked = {13/05/2008}
}

@internetarticle{MVC_WE2007,
	title = {Modelo Vista Controlador},
	author = {{\bibcorporate{Wikipedia}}},
	url = {http://es.wikipedia.org/wiki/Modelo_Vista_Controlador},
	lastchecked = {14/05/2008}
}

@internetarticle{IMP_QTI2008,
	title = {IMS Question and Test Interoperability Implementation Guide},
	author = {{\bibcorporate{IMS Global Learning Consortium, Inc}}},
	year = {2006},
	url = {http://www.imsglobal.org/question/qtiv2p1pd2/imsqti_implv2p1pd2.html},
	lastchecked = {01/06/2008}
}

@internetarticle{IMP_ADL2008,
	title = {SCORM ® 2004 3rd Edition Documentation},
	author = {{\bibcorporate{Advanced Distributed Learning}}},
	url = {http://www.adlnet.gov/scorm/20043ED/Documentation.aspx},
	lastchecked = {01/06/2008}
}

@book {SCORM_CAM,
	title = {SCORM® 2004 3rd Edition Content Aggregation Model (CAM)},
	author ={Philip Dodds, Schawn E. Thropp},
	year = {2006},
	address ={Virginia, USA},
	url = {http://www.adlnet.gov/downloads/DownloadPage.aspx?ID=237}
}

@internetarticle{MAN_INT,
	title = {Codes for the Representation of Names of Languages},
	author = {{\bibcorporate{Library Of Congress}}},
	url = {http://www.loc.gov/standards/iso639-2/php/code_list.php},
	lastchecked = {04/06/2008}
}

@internetarticle{Struts_2008,
	title = {Struts - Key Technology Primer: MVC},
	author = {\bibcorporate{Struts Apache Software Foundation}},
	year = {2008},
	lastchecked = {08/06/2008},
	url = {http://struts.apache.org/primer.html#mvc}
}

@internetarticle{Heinemeier_2008,
	title = {The immediacy of PHP},
	author = {David Heinemeier},
	year = {2008},
	lastchecked = {08/06/2008},
	url = {http://www.loudthinking.com/posts/23-the-immediacy-of-php}
}

@internetarticle{CakePHP_Plugins_2008,
	title = {CakePHP Manual: Plugins},
	author = {\bibcorporate{Cake Software Foundation}},
	year = {2008},
	lastchecked = {08/06/2008},
	url = {http://book.cakephp.org/view/114/plugins}
}

@internetarticle{CakePHP_Folders_2008,
	title = {CakePHP Manual: CakePHP File Structure},
	author = {\bibcorporate{Cake Software Foundation}},
	year = {2008},
	lastchecked = {11/06/2008},
	url = {http://book.cakephp.org/view/19/cakephp-file-structure}
}

@internetarticle{CakePHP_Install_2008,
	title = {CakePHP Manual: Installation},
	author = {\bibcorporate{Cake Software Foundation}},
	year = {2008},
	lastchecked = {11/06/2008},
	url = {http://book.cakephp.org/view/32/installation}
}

@internetarticle{CakePHP_ACL_2008,
	title = {CakePHP Manual: Access Control Lists},
	author = {\bibcorporate{Cake Software Foundation}},
	year = {2008},
	lastchecked = {12/06/2008},
	url = {http://book.cakephp.org/view/171/access-control-lists}
}

@internetarticle{Fielding2000,
	title = {Representational State Transfer (REST)},
	year = {2000},
	author = {Roy Thomas Fielding},
	lastchecked = {10/06/2008},
	url = {http://www.ics.uci.edu/~fielding/pubs/dissertation/rest_arch_style.htm}
}

@internetarticle{Starling2004,
	title = {Wikipedia Differencial Storage},
	year = {2004},
	author = {Tim Starling},
	lastchecked = {10/06/2008},
	url = {http://www.ccc.de/congress/2004/fahrplan/files/291-Wikipedia_21C3-TimStarling.pdf}
}

@etchreport{Calderon2007,
	author = {Marta Calderón},
	title = {A Taxonomy of Software Security Requirements},
	year = {2007},
	lastchecked = {10/06/2008},
	url = {http://www.ldc.usb.ve/~mgoncalves/IS3/Taxonomia_Seguridad.pdf}
}

@internetarticle{ACLWikipedia,
	title = {Access control list},
	author = {{\bibcorporate{Wikipedia}}},
	lastchecked = {10/06/2008},
	url = {http://en.wikipedia.org/wiki/Access_control_list}
}

@etchreport{RBAC1996,
	author = {Sandhu, R. and Coyne, E.J. and Feinstein, H.L. and Youman, C.E.},
	title = {Role Based Access Control Models},
	year = {1996},
	lastchecked = {10/06/2008},
	url = {http://csrc.nist.gov/rbac/sandhu96.pdf}
}

@internetarticle{IEEE_LOM,
	title={The Learning Object Metadata standard},
	author = {\bibcorporate{IEEE Learning Technology Standards Committee}},
	year = {2005},
	lastchecked = {10/06/2008},
	url = {http://www.ieeeltsc.org/working-groups/wg12LOM/lomDescription}

}

@internetarticle{BB_COM2008,
	title = {AULAS  VIRTUALES COMO HERRAMIENTA DE APOYO EN LA EDUCACIÓN DE LA UNIVERSIDAD NACIONAL MAYOR DE SAN MARCOS},
	author = {{Cabañas, Julia; Ojeda, Yessenia}},
	url = {http://sisbib.unmsm.edu.pe/bibvirtual/Tesis/Ingenie/Caba%C3%B1as_V_J/cap1.htm},
	lastchecked = {22/06/2008}
}

@internetarticle{CLA_COM2008,
	title={Community},
	author = {\bibcorporate{Claroline}},
	lastchecked = {20/06/2008},
	url = {http://www.claroline.net/worldwide.htm}
}

@internetarticle{MOD_COM2008,
	title={Moodle Sites},
	author = {\bibcorporate{MoodleDocs}},
	lastchecked = {22/06/2008},
	url = {http://moodle.org/sites/}
}